@Article{harris2010,
  author =   {Harris, Nigel G.},
  title =   {Train boarding and alighting rates at high passenger loads},
  journal =   {Journal of Advanced Transportation},
  year =   {2010},
  volume =   {40},
  pages =   {249--263},
  doi =   {https://doi.org/10.1002/atr.5670400302}
}

@Misc{pysocialforce,
  author =   {Gao, Yuxiang and Kreiss, Sven and Kothari, Parth and Han, Zhenyu},
  title =   {PySocialForce},
  year =   {2020},
  howpublished =   {\url{https://github.com/yuxiang-gao/PySocialForce}},
  note =   {Accessed: 2025-03-20}
}

@Article{zhou2010,
  author =   {Zhou, Suiping and Chen, Dan and Cai, Wentong and Luo, Linbo and Low, MYH and Tian, Feng and Tay, Victor Su-Han and Ong, DWS and Hamilton, Benjamin D.},
  title =   {Crowd modeling and simulation technologies},
  journal =   {ACM Transactions on Modeling and Computer Simulation},
  year =   {2010},
  volume =   {20},
  pages =   {1--35},
  doi =   {doi.org/10.1145/1842722.1842725}
}

@Article{helbing1995,
  author =   {Helbing, Dirk and Molnár, Péter},
  title =   {Social force model for pedestrian dynamics},
  journal =   {Phys. Rev. E},
  year =   {1995},
  volume =   {51},
  pages =   {4282--4286},
  doi =   {10.1103/PhysRevE.51.4282}
}

@Article{chen2020,
  author =   {Chen, Feng and Gao, Yongxin and Wang, Zijia and Liu, Yan},
  title =   {Analysis on Alighting and Boarding Movement Laws in Subway Using Modified Social Force Model},
  journal =   {Collective Dynamics},
  year =   {2020},
  volume =   {5},
  pages =   {307--315},
  doi =   {https://doi.org/10.17815/CD.2020.64}
}

@Article{yang2021,
  author =   {Yang, Xiaoxia and Yang, Xiaoli and Pan, Fuquan and Kang, Yuanlei and Zhang, Jihui},
  title =   {The effect of passenger attributes on alighting and boarding efficiency based on social force model},
  journal   = {Physical A: Statistical Mechanics and its Applications},
  year =   {2021},
  volume =   {565},
  pages =   {125566},
  doi =   {https://doi.org/10.1016/j.physa.2020.125566}
}

@Article{einstein2016,
  author = 	 {Einstein, Albert},
  title = 	 {On the Relative Value of Relatives},
  journal = 	 {J. Irreproducible Results},
  year = 	 {2016},
  volume = 	 {17},
  pages = 	 {4711--4721}
}

@InProceedings{heisenberg2015,
  author = 	 {Heisenberg, Werner and Dirac, Paul},
  title = 	 {To be or not to be},
  booktitle =    {Proceedings of the Uncertain Society Annual Meeting},
  year = 	 {2015},
  editor = 	 {Schrödinger, Erwin},
  pages =	 {21--22}
}
